% stanford seg
@InProceedings{tseng05,
  author    = {Huihsin Tseng and Pichuan Chang and Galen Andrew and Daniel Jurafsky and Christopher Manning},
  booktitle = {Proceedings of the Fourth SIGHAN Workshop on Chinese Language Processing},
  year      = 2005,
  title     = {A Conditional Random Field Word Segmenter for Sighan Bakeoff 2005},
}

% powell's algorithm
@BOOK{press2007,
  AUTHOR = {William H. Press and Saul A. Teukolsky and William T. Vetterling and Brian P. Flannery},
  TITLE = {Numerical Recipes 3rd Edition: The Art of Scientific Computing},
  YEAR = {2007},
  publisher = {Cambridge University Press}
}

# GIZA++
@ARTICLE{och03,
AUTHOR = {Franz Josef Och and Hermann Ney},
TITLE = {A Systematic Comparison of Various Statistical Alignment Models},
JOURNAL= {Computational Linguistics}, 
NUMBER = 1,
VOLUME = 29,
YEAR = 2003,
PAGES = {19--51}}

@INPROCEEDINGS{liang2006,
  AUTHOR = {Percy Liang and Alexandre Bouchard-Cote and Dan Klein and Ben Taskar},
  BOOKTITLE = "In ACL",
  TITLE = "An End-to-End Discriminative Approach to Machine Translation",
  YEAR = 2006
}

@INPROCEEDINGS{tillmann04,
  AUTHOR = {Christoph Tillmann},
  BOOKTITLE = "In ACL",
  TITLE = "A Unigram Orientation Model for Statistical Machine Translation",
  YEAR = 2004
}

% discrim comparisons 
@INPROCEEDINGS{arun2007,
  AUTHOR = {Abhishek Arun and Philipp Koehn},
  TITLE = "Online Learning Methods For Discriminative Training of Phrase Based Statistical Machine Translation",
  BOOKTITLE = "In MTS",
  YEAR = 2007,
}

@INPROCEEDINGS{watanabe2007,
  AUTHOR = {Taro Watanabe and Jun Suzuki and Hajime Tsukada and Hideki Isozaki},
  TITLE = "Online Large-Margin Training for Statistical Machine Translation",
  BOOKTITLE = "In EMNLP/CoNLL",
  YEAR = 2007
}

@INPROCEEDINGS{watanabe2006,
  AUTHOR = {Taro Watanabe and Jun Suzuki and Hajime Tsukada and Hideki Isozaki},
  TITLE = "NTT Statistical Machine Translation for IWSLT 2006", 
  BOOKTITLE = "In IWSLT",
  YEAR = 2006
}

@INPROCEEDINGS{tillmann2006,
  AUTHOR = {Christoph Tillmann and Tong Zhang},
  BOOKTITLE = {In ACL}, 
  TITLE = "A Discriminative Global Training Algorithm for Statistical MT",
  YEAR = "2006"
}

@INPROCEEDINGS{tillmann2005,
  AUTHOR = {Christoph Tillmann and Tong Zhang},
  BOOKTITLE = {In ACL},
  TITLE = "A localized prediction model for statistical machine translation",
  YEAR = "2005"
}

@INPROCEEDINGS{shen2005,
  AUTHOR = {Libin Shen and Anoop Sarkar and Franz-Josef Och},
  BOOKTITLE = {In ACL},
  TITLE = "Libin Shen, Anoop Sarkar, and Franz-Josef Och",
  YEAR = "2004"
}

@INPROCEEDINGS{och2004,
  AUTHOR = {Franz Josef Och and Daniel Gildea and Sanjeev Khudanpur and Anoop Sarkar and Kenji Yamada and Alex Fraser and Shankar Kumar and Libin Shen and David Smith and Katherine Eng and Viren Jain and Zhen Jin and Dragomir Radev},
  TITLE = "A smorgasbord of features for statistical machine translation",
  BOOKTITLE = "In NAACL",
  YEAR = "2004",
}

@INPROCEEDINGS{taskar2003,
  AUTHOR = {Ben Taskar and Carlos Guestrin and Daphne Koller},
  BOOKTITLE = "In NIPS",
  TITLE = "Max-Margin Markov Networks",
  YEAR  = 2003,
}

@INPROCEEDINGS{fk2005,
  AUTHOR = {Stefan Riezler and John T. Maxwell},
  BOOKTITLE = "In ACL",
  TITLE = "On Some Pitfalls in Automatic Evaluation and Significance Testing for MT",
  YEAR  = 2005,
}
  

@INPROCEEDINGS{tsochantaridis2004,
  AUTHOR = {Ioannis Tsochantaridis and Thomas Hofmann and Thorsten Joachims and Yasemin Altun},
  BOOKTITLE = "In ICML",
  TITLE = "Support Vector Machine Learning for Interdependent and Structured Output Spaces",
  YEAR = "2004"
}

@INPROCEEDINGS{och2002,
  AUTHOR = "Franz Josef Och and Hermann Ney",
  TITLE = "Discriminative Training and Maximum Entropy Models for Statistical Machine Translation",
  BOOKTITLE = "In ACL",
  YEAR = "2002"
}

@INPROCEEDINGS{zens07,
  AUTHOR = "Richard Zens and SaË‡sa Hasan and Hermann Ney", 
  TITLE = "A Systematic Comparison of Training Criteria
for Statistical Machine Translation",
  BOOKTITLE = "In EMNLP",
  YEAR = 2007
}
# Moses cite
@INPROCEEDINGS{koehn2007,
  AUTHOR = "Philipp Koehn and Hieu Hoang and Alexandra Birch and Chris Callison-Burch and Marcello Federico and Nicola Bertoldi and Brooke Cowan and Wade Shen and Christine Moran and Richard Zens and Chris Dyer and Ondrej Bojar and Alexandra Constantin and  Evan Herbst",
  TITLE = "Moses: Open Source Toolkit for Statistical Machine Translation",
  BOOKTITLE = "In ACL",
  YEAR = 2007
}

@INPROCEEDINGS{och2003MERT,
  AUTHOR = {Franz-Josef Och},
  BOOKTITLE = "In ACL",
  TITLE = "Minimum error rate training in statistical machine translation",
  YEAR = "2002",
}

# SRI LM
@INPROCEEDINGS{stolcke02srilm,
  author = "A. Stolcke",
  title = "SRILM -- an extensible language modeling toolkit",
  BOOKTITLE = "In ICSLP",
  year = "2002",
}

# phrase extraction
@INPROCEEDINGS{koehn2003,
  AUTHOR = {Philipp Koehn and Franz J. Och and Daniel Marcu},
  BOOKTITLE = "In HLT-NAACL",
  TITLE = "Statistical phrase-based translation",
  YEAR = "2003",
}

@INPROCEEDINGS{brown1993,
  AUTHOR = {Peter F. Brown and Vincent J. Della Pietra and Stephen A. Della Pietra and Robert L. Mercer},
  TITLE = "Mathematics of Statistical Machine Translation: Parameter Estimation",
  BOOKTITLE = "Computational Linguistics",
  VOLUME = 19,
  NUMBER = 2,
  YEAR = 1993,
}

@INPROCEEDINGS{scholkopf2001,
  BOOKTITLE = "Neural Computation",
  Author = "Bernhard Scholkopf and John C. Platt",
  TITLE = "Estimating the Support of a High-Dimensional Distribution",
  YEAR = 2001,
  VOLUME = 13,
  PAGES = "1443-1471"
}

@INPROCEEDINGS{platt1999,
  BOOKTITLE = "In NIPS",
  AUTHOR = "John C. Platt",
  TITLE = "Using Sparseness and Analytic QP to Speed Training of Support Vector Machines",
  YEAR = 1999,
}

@INPROCEEDINGS{vishwanathan2006,
  BOOKTITLE = "In ICML",
  AUTHOR = "S.V. N. Vishwanathan and Nicol N. Schraudolph and Mark W. Schmidt and Kevin P. Murphy",
  TITLE = "Accelerated Training of Conditional Random Fields with Stochastic Gradient Methods",
  YEAR = "2006",
}
  
@INPROCEEDINGS{Joachims2005,
  BOOKTITLE = "In ICML",
  AUTHOR = "Thorsten Joachims",
  TITLE = "A Support Vector Method for Multivariate Performance Measures",
  YEAR = 2005,
}

@INPROCEEDINGS{kishore2002,
  BOOKTITLE = "In ACL",
  AUTHOR = "Kishore Papineni and Salim Roukos and Todd Ward and Wei-Jing Zhu",
  TITLE = "BLEU: a method for automatic evaluation of machine translation.",
  YEAR = "2002",
}

@INPROCEEDINGS{koo2005,
  BOOKTITLE = "In EMNLP",
  TITLE = "Hidden-Variable Models for Discriminative Reranking",
  AUTHOR = "Terry Koo and Michael Collins",
  YEAR = "2005"
}
